<record><leader>00000cas a22000007a 4500</leader><controlfield tag="001">11682474</controlfield><controlfield tag="008">850211d18501852njuwr ne      0    0eng d</controlfield><datafield ind1=" " ind2=" " tag="010"><subfield code="a">sn 85025353 </subfield></datafield><datafield ind1=" " ind2=" " tag="040"><subfield code="a">NPX</subfield><subfield code="b">eng</subfield><subfield code="c">NPX</subfield><subfield code="d">NJW</subfield><subfield code="d">OCLCQ</subfield></datafield><datafield ind1=" " ind2=" " tag="042"><subfield code="a">msc</subfield></datafield><datafield ind1="0" ind2="4" tag="245"><subfield code="a">The Ocean signal.</subfield></datafield><datafield ind1=" " ind2=" " tag="260"><subfield code="a">Tom's River, N.J. :</subfield><subfield code="b">[s.n.],</subfield><subfield code="c">1850-1852.</subfield></datafield><datafield ind1=" " ind2=" " tag="300"><subfield code="a">v.</subfield></datafield><datafield ind1=" " ind2=" " tag="310"><subfield code="a">Weekly</subfield></datafield><datafield ind1="0" ind2=" " tag="362"><subfield code="a">Vol. 1, no. 1 (Aug. 28, 1850)-v. 2, no. 101 (Sept. 1, 1852).</subfield></datafield><datafield ind1=" " ind2=" " tag="752"><subfield code="a">United States</subfield><subfield code="b">New Jersey</subfield><subfield code="c">Ocean</subfield><subfield code="d">Toms River.</subfield></datafield><datafield ind1="0" ind2="0" tag="785"><subfield code="t">Ocean emblem</subfield><subfield code="w">(DLC)sn 85025352</subfield><subfield code="w">(OCoLC)11682439</subfield></datafield></record>